@ONLINE{kingsfund,
    author = {Jabbal, Joni and Lewis, Matthew},
    month = {10},
    pages = {26-31},
    publisher = {The King's Fund},
    title = {Approaches to Better Value in the NHS: Improving Quality and Cost},
    howpublished={\url{https://www.kingsfund.org.uk/sites/default/files/2018-10/approaches-to-better-value-october2018_0.pdf}},
    urldate = {2021-04-08},
    year = {2018},
    organization = {kingsfund.org.uk/}
}

@ONLINE{cqc,
    author = {Care Quality Comission (CQC)},
    month = {09},
    publisher = {Care Quality Comission},
    title = {Bradford Teaching Hospitals NHS Foundation Trust: Inspection Report},
    howpublished={\url{https://api.cqc.org.uk/public/v1/reports/edcfb304-14c0-4e3e-8557-de663e8533f0?20210113203413}},
    urldate = {2021-04-08},
    year = {2020},
    organization = {cqc.org.uk}
}

@ONLINE{hsj_award,
    author = {Health Services Journal (HSJ)},
    month = {11},
    title = {HSJ Awards 2018: Improvement in Emergency and Urgent Care},
    howpublished={\url{https://www.hsj.co.uk/the-hsj-awards/hsj-awards-2018-improvement-in-emergency-and-urgent-care/7023834.article}},
    urldate = {2021-04-08},
    year = {2018},
    organization = {Health Service Journal}
}

@ONLINE{rcn_apls,
    author = {Royal College of Nursing},
    month = {06},
    publisher = {Royal College of Nursing},
    title = {Standards for Assessing, Measuring and Monitoring Vital Signs in Infants, Children and Young People},
    howpublished={\url{https://www.rcn.org.uk/-/media/royal-college-of-nursing/documents/publications/2017/may/pub-005942.pdf}},
    urldate = {2019-10-20},
    year = {2017},
    organization = {rcn.org.uk}
}

@article{scikit-learn,
 title={Scikit-learn: Machine Learning in {P}ython},
 author={Pedregosa, F. and Varoquaux, G. and Gramfort, A. and Michel, V.
         and Thirion, B. and Grisel, O. and Blondel, M. and Prettenhofer, P.
         and Weiss, R. and Dubourg, V. and Vanderplas, J. and Passos, A. and
         Cournapeau, D. and Brucher, M. and Perrot, M. and Duchesnay, E.},
 journal={Journal of Machine Learning Research},
 volume={12},
 pages={2825--2830},
 year={2011}
}

@article{pymc3,
  title={Probabilistic programming in Python using PyMC3},
  author={Salvatier, John and Wiecki, Thomas V and Fonnesbeck, Christopher},
  journal={PeerJ Computer Science},
  volume={2},
  pages={e55},
  year={2016},
  publisher={PeerJ Inc.}
}

@book{nltk,
  title={Natural language processing with Python: analyzing text with the natural language toolkit},
  author={Bird, Steven and Klein, Ewan and Loper, Edward},
  year={2009},
  publisher={" O'Reilly Media, Inc."}
}


@article{topol_2019,
    title={High-performance medicine: the convergence of human and artificial intelligence},
    volume={25},
    DOI={10.1038/s41591-018-0300-7},
    number={1}, journal={Nature Medicine},
    author={Topol, Eric J.},
    year={2019},
    pages={44–56}
}

@article{golas_2018,
    title={A machine learning model to predict the risk of 30-day readmissions in patients with heart failure: a retrospective analysis of electronic medical records data},
    volume={18},
    DOI={10.1186/s12911-018-0620-z},
    number={1},
    journal={BMC Medical Informatics and Decision Making},
    author={Golas, Sara Bersche and Shibahara, Takuma and Agboola, Stephen and Otaki, Hiroko and Sato, Jumpei and Nakae, Tatsuya and Hisamitsu, Toru and Kojima, Go and Felsted, Jennifer and Kakarmath, Sujay and et al.},
    year={2018},
    month={Jun}
}

@article{rahimian_2018,
    title={Predicting the risk of emergency admission with machine learning: Development and validation using linked electronic health records},
    volume={15},
    DOI={10.1371/journal.pmed.1002695},
    number={11},
    journal={PLOS Medicine},
    author={Rahimian, Fatemeh and Salimi-Khorshidi, Gholamreza and Payberah, Amir H. and Tran, Jenny and Solares, Roberto Ayala and Raimondi, Francesca and Nazarzadeh, Milad and Canoy, Dexter and Rahimi, Kazem},
    year={2018},
    month={Nov}
}

@article{desautels_2016,
    title={Prediction of Sepsis in the Intensive Care Unit With Minimal Electronic Health Record Data: A Machine Learning Approach},
    volume={4},
    DOI={10.2196/medinform.5909}, number={3},
    journal={JMIR Medical Informatics},
    author={Desautels, Thomas and Calvert, Jacob and Hoffman, Jana and Jay, Melissa and Kerem, Yaniv and Shieh, Lisa and Shimabukuro, David and Chettipally, Uli and Feldman, Mitchell D and Barton, Chris and et al.},
    year={2016},
    month={Sep}
}

@book{islr,
    place={New York},
    title={Introduction To Statistical Learning: with applications in r},
    publisher={Springer},
    author={James, Gareth and Witten, Daniela and Hastie, Trevor and Tibshirani, Robert},
    year={2021}
}

@ONLINE{catenc1,
    author = {UCLA: Statistical Consulting Group},
    title = {Contrast Coding Systems for categorical variables},
    month = JAN,
    year = {2011},
    howpublished={\url{https://stats.idre.ucla.edu/r/library/r-library-contrast-coding-systems-for-categorical-variables/}}
}

@ONLINE{catenc2,
    author = {Carey, Gregory},
    title = {Coding Categorical Variables},
    month = Mar,
    year = {2003},
    howpublished={\url{http://psych.colorado.edu/~carey/Courses/PSYC5741/handouts/Coding%20Categorical%20Variables%202006-03-03.pdf}}
}

@article{imblearn,
    author  = {Guillaume  Lema{{\^i}}tre and Fernando Nogueira and Christos K. Aridas},
    title   = {Imbalanced-learn: A Python Toolbox to Tackle the Curse of Imbalanced Datasets in Machine Learning},
    journal = {Journal of Machine Learning Research},
    year    = {2017},
    volume  = {18},
    number  = {17},
    pages   = {1-5},
    url     = {http://jmlr.org/papers/v18/16-365.html}
}

@article{smote,
    title={SMOTE: Synthetic Minority Over-sampling Technique},
    volume={16},
    DOI={10.1613/jair.953},
    journal={Journal of Artificial Intelligence Research},
    author={Chawla, N. V. and Bowyer, K. W. and Hall, L. O. and Kegelmeyer, W. P.},
    year={2002},
    pages={321–357}
}

@article{imbalanced_strategies,
    title={Strategies for learning in class imbalance problems},
    volume={36},
    DOI={10.1016/s0031-3203(02)00257-1},
    number={3},
    journal={Pattern Recognition},
    author={Barandela, R and Sanchez, J.s and Garcia, V and Rangel, E},
    year={2003},
    pages={849–851}
}

@book{bayesian_da,
    title={Bayesian Data Analysis},
    author={Gelman, Andrew and Robert, Christian and Chopin, Nicholas and
    Rousseau, Judith},
    publisher={Chapman \& Hall/CRC},
    year={2013}
}

@article{Hothorn2003,
  doi = {10.1016/s0031-3203(02)00169-3},
  url = {https://doi.org/10.1016/s0031-3203(02)00169-3},
  year = {2003},
  month = jun,
  publisher = {Elsevier {BV}},
  volume = {36},
  number = {6},
  pages = {1303--1309},
  author = {Torsten Hothorn and Berthold Lausen},
  title = {Double-bagging: combining classifiers by bootstrap aggregation},
  journal = {Pattern Recognition}
}

@article{Boulet2009,
  doi = {10.1183/09031936.00121308},
  url = {https://doi.org/10.1183/09031936.00121308},
  year = {2009},
  month = apr,
  publisher = {European Respiratory Society ({ERS})},
  volume = {33},
  number = {4},
  pages = {897--906},
  author = {L-P. Boulet},
  title = {Influence of comorbid conditions on asthma},
  journal = {European Respiratory Journal}
}

@article{Landis1977,
  doi = {10.2307/2529310},
  url = {https://doi.org/10.2307/2529310},
  year = {1977},
  month = mar,
  publisher = {{JSTOR}},
  volume = {33},
  number = {1},
  pages = {159},
  author = {J. Richard Landis and Gary G. Koch},
  title = {The Measurement of Observer Agreement for Categorical Data},
  journal = {Biometrics}
}

@article{Tibshirani2011,
  doi = {10.1111/j.1467-9868.2011.01004.x},
  url = {https://doi.org/10.1111/j.1467-9868.2011.01004.x},
  year = {2011},
  month = nov,
  publisher = {Wiley},
  volume = {74},
  number = {2},
  pages = {245--266},
  author = {Robert Tibshirani and Jacob Bien and Jerome Friedman and Trevor Hastie and Noah Simon and Jonathan Taylor and Ryan J. Tibshirani},
  title = {Strong rules for discarding predictors in lasso-type problems},
  journal = {Journal of the Royal Statistical Society: Series B (Statistical Methodology)}
}

@article{Austin2017,
  year = {2017},
  volume = {26},
  number = {2},
  pages = {796--662},
  author = {P C Austin and E W Steyerberg},
  title = {Events per variable (EPV) and the relative performance of different strategies for estimating the out-of-sample validity of logistic regression models},
  journal = {Statistical Methods in Medical Research}
}